@book{Newman2018,
 author = {Newman, Mark},
 doi = {10.1093/oso/9780198805090.001.0001},
 isbn = {9780198805090},
 month = {07},
 publisher = {Oxford University Press},
 title = {{Networks}},
 url = {https://doi.org/10.1093/oso/9780198805090.001.0001},
 year = {2018}
}

@article{Ortega2018,
 author = {Ortega, Antonio and Frossard, Pascal and Kovačević, Jelena and Moura, José M. F. and Vandergheynst, Pierre},
 doi = {10.1109/JPROC.2018.2820126},
 journal = {Proceedings of the IEEE},
 number = {5},
 pages = {808-828},
 title = {Graph Signal Processing: Overview, Challenges, and Applications},
 url = {https://doi.org/10.1109/JPROC.2018.2820126},
 volume = {106},
 year = {2018}
}

@article{Shuman2013,
 author = {Shuman, David I and Narang, Sunil K. and Frossard, Pascal and Ortega, Antonio and Vandergheynst, Pierre},
 doi = {10.1109/MSP.2012.2235192},
 journal = {IEEE Signal Processing Magazine},
 number = {3},
 pages = {83-98},
 title = {The emerging field of signal processing on graphs: Extending high-dimensional data analysis to networks and other irregular domains},
 url = {https://doi.org/10.1109/MSP.2012.2235192},
 volume = {30},
 year = {2013}
}
